@article{hamrick2019capturing,
  author={Hamrick, L.R. and Seidl, A. and Kelleher, B.L.},
  title={Capturing Variability in Early Language Skills Among Children with Angelman Syndrome: A Novel Semi-Automated Approach},
  journal={Presented at the Angelman Biomarkers and Outcome Measures Alliance Scientific Meeting},
  year={2019, December},
  location={Chicago, IL}

}

@inproceedings{al2019vcmnet,
title={VCMNet: Weakly Supervised Learning for Automatic Infant Vocalisation Maturity Analysis},
author={Al Futaisi, Najla and Zhang, Zixing and Cristia, Alejandrina and Warlaumont, Anne and Schuller, Bjorn},
booktitle={2019 International Conference on Multimodal Interaction},
pages={205--209},
year={2019}
}

@article{oller1999precursors,
title={Precursors to speech in infancy: The prediction of speech and language disorders},
author={Oller, D Kimbrough and Eilers, Rebecca E and Neal, A Rebecca and Schwartz, Heidi K},
journal={Journal of communication disorders},
volume={32},
number={4},
pages={223--245},
year={1999},
publisher={Elsevier}
}
@article{mcdaniel2019vocal,
title={Vocal communication with canonical syllables predicts later expressive language skills in preschool-aged children with autism spectrum disorder},
author={McDaniel, Jena and Woynaroski, Tiffany and Keceli-Kaysili, Bahar and Watson, Linda R and Yoder, Paul},
journal={Journal of Speech, Language, and Hearing Research},
volume={62},
number={10},
pages={3826--3833},
year={2019},
publisher={ASHA}
}

@article{lang2019canonical,
title={Canonical babbling: A marker for earlier identification of late detected developmental disorders?},
author={Lang, Sigrun and Bartl-Pokorny, Katrin D and Pokorny, Florian B and Garrido, Dunia and Mani, Nivedita and Fox-Boyer, Annette V and Zhang, Dajie and Marschik, Peter B},
journal={Current Developmental Disorders Reports},
volume={6},
number={3},
pages={111--118},
year={2019},
publisher={Springer}
}


@inproceedings{Seidl19,
author = {Seidl, Amanda and Warlaumont, Anne and Cristia, Alejandrina},
year = {2019},
month = {09},
pages = {3579-3583},
title = {Towards Detection of Canonical Babbling by Citizen Scientists: Performance as a Function of Clip Length},
doi = {10.21437/Interspeech.2019-1773}
}

@article{xu2009reliability,
title={Reliability of the LENA Language Environment Analysis System in young children’s natural home environment},
author={Xu, Dongxin and Yapanel, Umit and Gray, Sharmi}
}

@article{oller1998late,
title={Late onset canonical babbling: A possible early marker of abnormal development},
author={Oller, D Kimbrough and Eilers, Rebecca E and Neal, A Rebecca and Cobo-Lewis, Alan B},
journal={American Journal on Mental Retardation},
volume={103},
number={3},
pages={249--263},
year={1998}
}

@misc{oller2000emergence,
title={The emergence of the capacity for speech},
author={Oller, DK},
year={2000},
publisher={Erlbaum.[aJLL, DKO](2004) Underpinnings for a theory of communicative~…}
}

@article{cychosz2019canonical,
title={Canonical babble development in a large-scale crosslinguistic corpus},
author={Cychosz, Meg and Cristia, Alejandrina and Bergelson, Elika and Casillas, Marisa and Baudet, Gladys and Warlaumont, Anne S and Scaff, Camila and Yankowitz, Lisa and Seidl, Amanda},
year={2019},
publisher={PsyArXiv}
}

@article{smartwatch,
author = {Rawassizadeh, Reza and Price, Blaine A. and Petre, Marian},
title = {Wearables: Has the Age of Smartwatches Finally Arrived?},
year = {2014},
issue_date = {January 2015},
publisher = {Association for Computing Machinery},
address = {New York, NY, USA},
volume = {58},
number = {1},
issn = {0001-0782},
url = {https://doi.org/10.1145/2629633},
doi = {10.1145/2629633},
journal = {Commun. ACM},
month = dec,
pages = {45–47},
numpages = {3}
}


@inproceedings{xu2008signal,
title={Signal processing for young child speech language development},
author={Xu, Dongxin and Yapanel, Umit and Gray, Sharmi and Gilkerson, Jill and Richards, Jeff and Hansen, John},
booktitle={First Workshop on Child, Computer and Interaction},
year={2008}
}

@article{dihard,
title={The second DIHARD diarization challenge: Dataset, task, and baselines},
author={Ryant, Neville and Church, Kenneth and Cieri, Christopher and Cristia, Alejandrina and Du, Jun and Ganapathy, Sriram and Liberman, Mark},
journal={arXiv preprint arXiv:1906.07839},
year={2019}
}


@inproceedings{schuller2019interspeech,
title={The INTERSPEECH 2019 Computational Paralinguistics Challenge: Styrian Dialects, Continuous Sleepiness, Baby Sounds \& Orca Activity.},
author={Schuller, Bj{\"o}rn W and Batliner, Anton and Bergler, Christian and Pokorny, Florian B and Krajewski, Jarek and Cychosz, Margaret and Vollmann, Ralf and Roelen, Sonja-Dana and Schnieder, Sebastian and Bergelson, Elika and others},
booktitle={Interspeech},
pages={2378--2382},
year={2019}
}


@article{bergelson2019north,
title={What do north American babies hear? A large-scale cross-corpus analysis},
author={Bergelson, Elika and Casillas, Marisa and Soderstrom, Melanie and Seidl, Amanda and Warlaumont, Anne S and Amatuni, Andrei},
journal={Developmental science},
volume={22},
number={1},
pages={e12724},
year={2019},
publisher={Wiley Online Library}
}





@article{McDaniel2020,
author = "Jena McDaniel and Paul Yoder and Annette Estes and Sally J Rogers",
title = "{Measuring early vocalizations (McDaniel et al., 2020)}",
year = "2020",
month = "5",
url = "https://asha.figshare.com/articles/dataset/Measuring_early_vocalizations_McDaniel_et_al_2020_/12276458",
doi = "10.23641/asha.12276458.v1"
}


@article{cox2015defining,
title={Defining and measuring success in online citizen science: A case study of Zooniverse projects},
author={Cox, Joe and Oh, Eun Young and Simmons, Brooke and Lintott, Chris and Masters, Karen and Greenhill, Anita and Graham, Gary and Holmes, Kate},
journal={Computing in Science \& Engineering},
volume={17},
number={4},
pages={28--41},
year={2015},
publisher={IEEE}
}
@inproceedings{greenhill2014playing,
title={Playing with science: Gamised aspects of gamification found on the online citizen science project-zooniverse},
author={Greenhill, Anita and Holmes, Kate and Lintott, Chris and Simmons, Brooke and Masters, Karen and Cox, Joe and Graham, Gary},
booktitle={GAMEON'2014},
pages={15--24},
year={2014},
organization={EUROSIS}
}

@article{silvertown2009new,
title={A new dawn for citizen science},
author={Silvertown, Jonathan},
journal={Trends in ecology \& evolution},
volume={24},
number={9},
pages={467--471},
year={2009},
publisher={Elsevier}
}

@article{bhattacharjee2005citizen,
title={Citizen scientists supplement work of Cornell researchers: a half-century of interaction with bird watchers has evolved into a robust and growing collaboration between volunteers and a leading ornithology lab},
author={Bhattacharjee, Yudhijit},
journal={Science},
volume={308},
number={5727},
pages={1402--1404},
year={2005},
publisher={American Association for the Advancement of Science}
}

@article{berinsky2012evaluating,
title={Evaluating online labor markets for experimental research: Amazon. com's Mechanical Turk},
author={Berinsky, Adam J and Huber, Gregory A and Lenz, Gabriel S},
journal={Political analysis},
volume={20},
number={3},
pages={351--368},
year={2012},
publisher={Cambridge University Press}
}

@article{rouse2015reliability,
title={A reliability analysis of Mechanical Turk data},
author={Rouse, Steven V},
journal={Computers in Human Behavior},
volume={43},
pages={304--307},
year={2015},
publisher={Elsevier}
}